<?xml version = "1.0" encoding = "UTF-8"?>
<collection xmlns="http://www.loc.gov/MARC21/slim"
xmlns:xsi="http://www.w3.org/2001/XMLSchema-instance"
xsi:schemaLocation="http://www.loc.gov/MARC21/slim
http://www.loc.gov/standards/marcxml/schema/MARC21slim.xsd">
<record xmlns="http://www.loc.gov/MARC21/slim"
    xmlns:xsi="http://www.w3.org/2001/XMLSchema-instance"
    xsi:schemaLocation="http://www.loc.gov/MARC21/slim
    http://www.loc.gov/standards/marcxml/schema/MARC21slim.xsd">
<leader>01037nM2.01200024      h</leader>
<controlfield tag="001">AC08566613</controlfield>
<controlfield tag="002">20110629</controlfield>
<controlfield tag="003">20160825</controlfield>
<controlfield tag="030">a|1drzzb|||27</controlfield>
<controlfield tag="050">||a|||||||a|||</controlfield>
<controlfield tag="051">m|||||||</controlfield>
<controlfield tag="FMT">MH</controlfield>
<controlfield tag="LDR">01037nM2.01200024      h</controlfield>
<datafield tag="034" ind1="1" ind2="#">
<subfield code="2">bound</subfield>
<subfield code="a">a</subfield>
<subfield code="b">2700000</subfield>
<subfield code="d">E0093800</subfield>
<subfield code="e">E0305900</subfield>
<subfield code="f">N0492400</subfield>
<subfield code="g">N0394000</subfield>
</datafield>
<datafield tag="110" ind1="2" ind2="#">
<subfield code="a">Artaria und Compagnie</subfield>
</datafield>
</record>
</collection>
